@article{Lowenstein09,
  title={Protein function annotation by homology-based inference},
  author={Loewenstein, Yaniv and Raimondo, Domenico and Redfern, Oliver C and Watson, James and Frishman, Dmitrij and Linial, Michal and Orengo, Christine and Thornton, Janet and Tramontano, Anna},
  journal={Genome biology},
  volume={10},
  number={2},
  pages={1},
  year={2009},
  publisher={BioMed Central}
}
@article{Mashanov12,
  title={Posttraumatic regeneration involves differential expression of long terminal repeat (LTR) retrotransposons},
  author={Mashanov, Vladimir S and Zueva, Olga R and Garc{\'\i}a-Arrar{\'a}s, Jos{\'e} E},
  journal={Developmental Dynamics},
  volume={241},
  number={10},
  page={1626},
  pages={1625--1636},
  year={2012},
  publisher={Wiley Online Library}
}
@Manual{shiny,
title = {shiny: Web Application Framework for R},
author = {Winston Chang and Joe Cheng and JJ Allaire and Yihui Xie and Jonathan McPherson},
note = {R package version 0.14.1},
url = {http://shiny.rstudio.com},
}
@Manual{shinyapps,
title = {shinyapps: Deployment Interface for Shiny Applications},
author = {JJ Allaire},
year = {2015},
note = {R package version 0.4.1.8},
}
@Manual{R,
title = {R: A Language and Environment for Statistical Computing},
author = {{R Core Team}},
organization = {R Foundation for Statistical Computing},
address = {Vienna, Austria},
year = {2016},
url = {https://www.R-project.org/},
}
@Manual{gplots,
title = {gplots: Various R Programming Tools for Plotting Data},
author = {Gregory R. Warnes and Ben Bolker and Lodewijk Bonebakker and Robert Gentleman and Wolfgang Huber Andy Liaw and Thomas Lumley and Martin Maechler and Arni Magnusson and Steffen Moeller and Marc Schwartz and Bill Venables},
year = {2016},
note = {R package version 3.0.1},
url = {https://CRAN.R-project.org/package=gplots},
}
@Manual{functional,
title = {functional: Curry, Compose, and other higher-order functions},
author = {Peter Danenberg},
year = {2014},
note = {R package version 0.6},
url = {https://CRAN.R-project.org/package=functional},
}